@article{fdciuss,
	author = "Mohammadreza Hajiarbabi and Arvin Agah",
	title = "{F}ace {D}etection in {C}olor {I}mages {U}sing {S}kin {S}egmentation",
	year = "2014",
}